@article{auer2002finite,
  title={Finite-time analysis of the multiarmed bandit problem},
  author={Auer, Peter and Cesa-Bianchi, Nicolo and Fischer, Paul},
  journal={Machine learning},
  volume={47},
  number={2-3},
  pages={235--256},
  year={2002},
  publisher={Springer}
}
@article{banks1994switching,
  title={Switching costs and the Gittins index},
  author={Banks, Jeffrey S and Sundaram, Rangarajan K},
  journal={Econometrica},
  volume={62},
  number={3},
  pages={687--694},
  year={1994},
  publisher={Econometric Society}
}
@article{bellman1960dynamic,
  title={Dynamic Programming, Princeton, 1957},
  author={Bellman, Richard},
  journal={BellmanDynamic Programming1957},
  year={1960}
}
@inproceedings{bridle1990training,
  title={Training stochastic model recognition algorithms as networks can lead to maximum mutual information estimation of parameters},
  author={Bridle, John S},
  booktitle={Advances in neural information processing systems},
  pages={211--217},
  year={1990}
}
@article{brown2008simplest,
  title={The simplest complete model of choice response time: Linear ballistic accumulation},
  author={Brown, Scott D and Heathcote, Andrew},
  journal={Cognitive psychology},
  volume={57},
  number={3},
  pages={153--178},
  year={2008},
  publisher={Elsevier}
}
@article{bhui2018decision,
  title={Decision by sampling implements efficient coding of psychoeconomic functions.},
  author={Bhui, Rahul and Gershman, Samuel J},
  journal={Psychological review},
  volume={125},
  number={6},
  pages={985},
  year={2018},
  publisher={American Psychological Association}
}
@article{bush1951mathematical,
  title={A mathematical model for simple learning.},
  author={Bush, Robert R and Mosteller, Frederick},
  journal={Psychological review},
  volume={58},
  number={5},
  pages={313},
  year={1951},
  publisher={American Psychological Association}
}
@article{bush1951model,
  title={A model for stimulus generalization and discrimination.},
  author={Bush, Robert R and Mosteller, Frederick},
  journal={Psychological review},
  volume={58},
  number={6},
  pages={413},
  year={1951},
  publisher={American Psychological Association}
}
@article{cohen2007should,
  title={Should I stay or should I go? How the human brain manages the trade-off between exploitation and exploration},
  author={Cohen, Jonathan D and McClure, Samuel M and Yu, Angela J},
  journal={Philosophical Transactions of the Royal Society B: Biological Sciences},
  volume={362},
  number={1481},
  pages={933--942},
  year={2007},
  publisher={The Royal Society London}
}
@article{chun1996just,
  title={Just say no: How are visual searches terminated when there is no target present?},
  author={Chun, Marvin M and Wolfe, Jeremy M},
  journal={Cognitive psychology},
  volume={30},
  number={1},
  pages={39--78},
  year={1996},
  publisher={Elsevier}
}
@article{cook2013exploration,
  title={Exploration versus exploitation in polydomous ant colonies},
  author={Cook, Zoe and Franks, Daniel W and Robinson, Elva JH},
  journal={Journal of theoretical biology},
  volume={323},
  pages={49--56},
  year={2013},
  publisher={Elsevier}
}
@article{collins2012much,
  title={How much of reinforcement learning is working memory, not reinforcement learning? A behavioral, computational, and neurogenetic analysis},
  author={Collins, Anne GE and Frank, Michael J},
  journal={European Journal of Neuroscience},
  volume={35},
  number={7},
  pages={1024--1035},
  year={2012},
  publisher={Wiley Online Library}
}
@article{collins2014working,
  title={Working memory contributions to reinforcement learning impairments in schizophrenia},
  author={Collins, Anne GE and Brown, Jaime K and Gold, James M and Waltz, James A and Frank, Michael J},
  journal={Journal of Neuroscience},
  volume={34},
  number={41},
  pages={13747--13756},
  year={2014},
  publisher={Soc Neuroscience}
}
@article{daw2006cortical,
  title={Cortical substrates for exploratory decisions in humans},
  author={Daw, Nathaniel D and O'doherty, John P and Dayan, Peter and Seymour, Ben and Dolan, Raymond J},
  journal={Nature},
  volume={441},
  number={7095},
  pages={876},
  year={2006},
  publisher={Nature Publishing Group}
}
@article{daw2011model,
  title={Model-based influences on humans' choices and striatal prediction errors},
  author={Daw, Nathaniel D and Gershman, Samuel J and Seymour, Ben and Dayan, Peter and Dolan, Raymond J},
  journal={Neuron},
  volume={69},
  number={6},
  pages={1204--1215},
  year={2011},
  publisher={Elsevier}
}
@article{findling2018computational,
  title={Computational noise in reward-guided learning drives behavioral variability in volatile environments},
  author={Findling, Charles and Skvortsova, Vasilisa and Dromnelle, Remi and Palminteri, Stefano and Wyart, Valentin},
  journal={bioRxiv},
  pages={439885},
  year={2018},
  publisher={Cold Spring Harbor Laboratory}
}
@article{gershman2009human,
  title={Human reinforcement learning subdivides structured action spaces by learning effector-specific values},
  author={Gershman, Samuel J and Pesaran, Bijan and Daw, Nathaniel D},
  journal={Journal of Neuroscience},
  volume={29},
  number={43},
  pages={13524--13531},
  year={2009},
  publisher={Soc Neuroscience}
}
@article{gershman2018deconstructing,
  title={Deconstructing the human algorithms for exploration},
  author={Gershman, Samuel J},
  journal={Cognition},
  volume={173},
  pages={34--42},
  year={2018},
  publisher={Elsevier}
}
@article{gershman2015unifying,
  title={A unifying probabilistic view of associative learning},
  author={Gershman, Samuel J},
  journal={PLoS computational biology},
  volume={11},
  number={11},
  pages={e1004567},
  year={2015},
  publisher={Public Library of Science}
}
@article{gershman2018uncertainty,
  title={Uncertainty and exploration},
  author={Gershman, Samuel J},
  journal={bioRxiv},
  pages={265504},
  year={2018},
  publisher={Cold Spring Harbor Laboratory}
}
@article{gigerenzer1996reasoning,
  title={Reasoning the fast and frugal way: models of bounded rationality.},
  author={Gigerenzer, Gerd and Goldstein, Daniel G},
  journal={Psychological review},
  volume={103},
  number={4},
  pages={650},
  year={1996},
  publisher={American Psychological Association}
}
@book{gigerenzer1999simple,
  title={Simple heuristics that make us smart},
  author={Gigerenzer, Gerd and Todd, Peter M},
  year={1999},
  publisher={Evolution and Cognition (Paper}
}
@article{gigerenzer2009homo,
  title={Homo heuristicus: Why biased minds make better inferences},
  author={Gigerenzer, Gerd and Brighton, Henry},
  journal={Topics in cognitive science},
  volume={1},
  number={1},
  pages={107--143},
  year={2009},
  publisher={Wiley Online Library}
}
@article{gittins1979bandit,
  title={Bandit processes and dynamic allocation indices},
  author={Gittins, John C},
  journal={Journal of the Royal Statistical Society. Series B (Methodological)},
  pages={148--177},
  year={1979},
  publisher={JSTOR}
}
@article{gittins1974dynamic,
  title={A dynamic allocation index for the sequential design of experiments},
  author={Gittins, John},
  journal={Progress in statistics},
  pages={241--266},
  year={1974},
  publisher={North Holland}
}
@article{gonzalez2011instance,
  title={Instance-based learning: Integrating sampling and repeated decisions from experience.},
  author={Gonzalez, Cleotilde and Dutt, Varun},
  journal={Psychological review},
  volume={118},
  number={4},
  pages={523},
  year={2011},
  publisher={American Psychological Association}
}
@article{gottlieb2018towards,
  title={Towards a neuroscience of active sampling and curiosity},
  author={Gottlieb, Jacqueline and Oudeyer, Pierre-Yves},
  journal={Nature Reviews Neuroscience},
  pages={1},
  year={2018},
  publisher={Nature Publishing Group}
}
@article{gruber2014states,
  title={States of curiosity modulate hippocampus-dependent learning via the dopaminergic circuit},
  author={Gruber, Matthias J and Gelman, Bernard D and Ranganath, Charan},
  journal={Neuron},
  volume={84},
  number={2},
  pages={486--496},
  year={2014},
  publisher={Elsevier}
}
@article{hills2015exploration,
  title={Exploration versus exploitation in space, mind, and society},
  author={Hills, Thomas T and Todd, Peter M and Lazer, David and Redish, A David and Couzin, Iain D and Cognitive Search Research Group and others},
  journal={Trends in cognitive sciences},
  volume={19},
  number={1},
  pages={46--54},
  year={2015},
  publisher={Elsevier}
}
@article{hutchinson2005simple,
  title={Simple heuristics and rules of thumb: Where psychologists and behavioural biologists might meet},
  author={Hutchinson, John MC and Gigerenzer, Gerd},
  journal={Behavioural processes},
  volume={69},
  number={2},
  pages={97--124},
  year={2005},
  publisher={Elsevier}
}
@article{jepma2012neural,
  title={Neural mechanisms underlying the induction and relief of perceptual curiosity},
  author={Jepma, Marieke and Verdonschot, Rinus G and Van Steenbergen, Henk and Rombouts, Serge AR and Nieuwenhuis, Sander},
  journal={Frontiers in behavioral neuroscience},
  volume={6},
  pages={5},
  year={2012},
  publisher={Frontiers}
}
@article{kang2009wick,
  title={The wick in the candle of learning: Epistemic curiosity activates reward circuitry and enhances memory},
  author={Kang, Min Jeong and Hsu, Ming and Krajbich, Ian M and Loewenstein, George and McClure, Samuel M and Wang, Joseph Tao-yi and Camerer, Colin F},
  journal={Psychological Science},
  volume={20},
  number={8},
  pages={963--973},
  year={2009},
  publisher={SAGE Publications Sage CA: Los Angeles, CA}
}
@article{kalman1960new,
  title={A new approach to linear filtering and prediction problems},
  author={Kalman, Rudolph Emil},
  journal={Journal of basic Engineering},
  volume={82},
  number={1},
  pages={35--45},
  year={1960},
  publisher={American Society of Mechanical Engineers}
}
@article{katsikopoulos2010robust,
  title={The robust beauty of ordinary information.},
  author={Katsikopoulos, Konstantinos V and Schooler, Lael J and Hertwig, Ralph},
  journal={Psychological Review},
  volume={117},
  number={4},
  pages={1259},
  year={2010},
  publisher={American Psychological Association}
}
@article{knox2012nature,
  title={The nature of belief-directed exploratory choice in human decision-making},
  author={Knox, W Bradley and Otto, A Ross and Stone, Peter and Love, Bradley},
  journal={Frontiers in psychology},
  volume={2},
  pages={398},
  year={2012},
  publisher={Frontiers}
}
@article{kaelbling1996reinforcement,
  title={Reinforcement learning: A survey},
  author={Kaelbling, Leslie Pack and Littman, Michael L and Moore, Andrew W},
  journal={Journal of artificial intelligence research},
  volume={4},
  pages={237--285},
  year={1996}
}
@article{krebs1978test,
  title={Test of optimal sampling by foraging great tits},
  author={Krebs, John R and Kacelnik, Alejandro and Taylor, Peter},
  journal={Nature},
  volume={275},
  number={5675},
  pages={27},
  year={1978},
  publisher={Nature Publishing Group}
}
@article{leong2017dynamic,
  title={Dynamic interaction between reinforcement learning and attention in multidimensional environments},
  author={Leong, Yuan Chang and Radulescu, Angela and Daniel, Reka and DeWoskin, Vivian and Niv, Yael},
  journal={Neuron},
  volume={93},
  number={2},
  pages={451--463},
  year={2017},
  publisher={Elsevier}
}
@article{marr1976understanding,
  title={From understanding computation to understanding neural circuitry},
  author={Marr, David and Poggio, Tomaso},
  year={1976}
}
@article{mehlhorn2015unpacking,
  title={Unpacking the exploration--exploitation tradeoff: A synthesis of human and animal literatures.},
  author={Mehlhorn, Katja and Newell, Ben R and Todd, Peter M and Lee, Michael D and Morgan, Kate and Braithwaite, Victoria A and Hausmann, Daniel and Fiedler, Klaus and Gonzalez, Cleotilde},
  journal={Decision},
  volume={2},
  number={3},
  pages={191},
  year={2015},
  publisher={Educational Publishing Foundation}
}

@article{wu2018generalization,
  title={Generalization guides human exploration in vast decision spaces},
  author={Wu, Charley M and Schulz, Eric and Speekenbrink, Maarten and Nelson, Jonathan D and Meder, Bj{\"o}rn},
  journal={Nature Human Behaviour},
  volume={2},
  number={12},
  pages={915},
  year={2018},
  publisher={Nature Publishing Group}
}

@article{parpart2018heuristics,
  title={Heuristics as Bayesian inference under extreme priors},
  author={Parpart, Paula and Jones, Matt and Love, Bradley C},
  journal={Cognitive psychology},
  volume={102},
  pages={127--144},
  year={2018},
  publisher={Elsevier}
}
@book{pavlov1927conditional,
  title={Conditional reflexes: an investigation of the physiological activity of the cerebral cortex.},
  author={Pavlov, Ivan Petrovich},
  year={1927},
  publisher={Oxford University Press}
}
@article{rescorla1972theory,
  title={A theory of Pavlovian conditioning: Variations in the effectiveness of reinforcement and nonreinforcement},
  author={Rescorla, Robert A and Wagner, Allan R and others},
  journal={Classical conditioning II: Current research and theory},
  volume={2},
  pages={64--99},
  year={1972},
  publisher={New-York}
}
@article{skinner1963operant,
  title={Operant behavior.},
  author={Skinner, Burrhus F},
  journal={American psychologist},
  volume={18},
  number={8},
  pages={503},
  year={1963},
  publisher={American Psychological Association}
}
@article{speekenbrink2015uncertainty,
  title={Uncertainty and exploration in a restless bandit problem},
  author={Speekenbrink, Maarten and Konstantinidis, Emmanouil},
  journal={Topics in cognitive science},
  volume={7},
  number={2},
  pages={351--367},
  year={2015},
  publisher={Wiley Online Library}
}
@article{schulz2017putting,
  title={Putting Bandits Into Context: How Function Learning Supports Decision Making.},
  author={Schulz, Eric and Konstantinidis, Emmanouil and Speekenbrink, Maarten},
  year={2017},
  publisher={American Psychological Association}
}
@article{srinivas2009gaussian,
  title={Gaussian process optimization in the bandit setting: No regret and experimental design},
  author={Srinivas, Niranjan and Krause, Andreas and Kakade, Sham M and Seeger, Matthias},
  journal={arXiv preprint arXiv:0912.3995},
  year={2009}
}
@article{steyvers2009bayesian,
  title={A Bayesian analysis of human decision-making on bandit problems},
  author={Steyvers, Mark and Lee, Michael D and Wagenmakers, Eric-Jan},
  journal={Journal of Mathematical Psychology},
  volume={53},
  number={3},
  pages={168--179},
  year={2009},
  publisher={Elsevier}
}
@book{sutton2018reinforcement,
  title={Reinforcement learning: An introduction},
  author={Sutton, Richard S and Barto, Andrew G},
  year={2018},
  publisher={MIT press}
}
@article{thompson1933likelihood,
  title={On the likelihood that one unknown probability exceeds another in view of the evidence of two samples},
  author={Thompson, William R},
  journal={Biometrika},
  volume={25},
  number={3/4},
  pages={285--294},
  year={1933},
  publisher={JSTOR}
}
@article{thorndike1927law,
  title={The law of effect},
  author={Thorndike, Edward L},
  journal={The American journal of psychology},
  volume={39},
  number={1/4},
  pages={212--222},
  year={1927},
  publisher={JSTOR}
}
@article{thorndike1898animal,
  title={Animal intelligence: An experimental study of the associative processes in animals.},
  author={Thorndike, Edward L},
  journal={The Psychological Review: Monograph Supplements},
  volume={2},
  number={4},
  pages={i},
  year={1898},
  publisher={The Macmillan Company}
}
@article{van2017bayesian,
  title={Bayesian Latent-Normal Inference for the Rank Sum Test, the Signed Rank Test, and Spearman's $$\backslash$rho$},
  author={van Doorn, Johnny and Ly, Alexander and Marsman, Maarten and Wagenmakers, Eric-Jan},
  journal={arXiv preprint arXiv:1712.06941},
  year={2017}
}

@techreport{widrow1960adaptive,
  title={Adaptive switching circuits},
  author={Widrow, Bernard and Hoff, Marcian E},
  year={1960},
  institution={Stanford Univ Ca Stanford Electronics Labs}
}
@article{wilson2014humans,
  title={Humans use directed and random exploration to solve the explore--exploit dilemma.},
  author={Wilson, Robert C and Geana, Andra and White, John M and Ludvig, Elliot A and Cohen, Jonathan D},
  journal={Journal of Experimental Psychology: General},
  volume={143},
  number={6},
  pages={2074},
  year={2014},
  publisher={American Psychological Association}
}
@article{wu2018generalization,
  title={Generalization guides human exploration in vast decision spaces},
  author={Wu, Charley M and Schulz, Eric and Speekenbrink, Maarten and Nelson, Jonathan D and Meder, Bj{\"o}rn},
  journal={Nature Human Behaviour},
  volume={2},
  number={12},
  pages={915},
  year={2018},
  publisher={Nature Publishing Group}
}
@article{zajkowski2017causal,
  title={A causal role for right frontopolar cortex in directed, but not random, exploration},
  author={Zajkowski, Wojciech K and Kossut, Malgorzata and Wilson, Robert C},
  journal={Elife},
  volume={6},
  pages={e27430},
  year={2017},
  publisher={eLife Sciences Publications Limited}
}
  @Article{DEoptim,
    title = {{DEoptim}: An {R} Package for Global Optimization by
      Differential Evolution},
    author = {Katharine Mullen and David Ardia and David Gil and Donald
      Windover and James Cline},
    journal = {Journal of Statistical Software},
    year = {2011},
    volume = {40},
    number = {6},
    pages = {1--26},
    url = {http://www.jstatsoft.org/v40/i06/},
  }